@online {wiki-keats,
	title = "John Keats - Wikipedia",
	author = "Wikipedia",
	year = "2020",
	url = {https://en.wikipedia.org/wiki/John_Keats},
	urldate = {2020-09-19},
}
@online {epertutti-romanticpoets,
	title = "Romantic Poets - First and second generation",
	author = "eper-tutti",
	year = "2020",
	url = {https://www.epertutti.com/inglese/Romantic-poets-First-and-secon81419.php},
	urldate = {2020-09-19},
}
